<record><leader>00000cas a22000007a 4500</leader><controlfield tag="001">26075452</controlfield><controlfield tag="008">920624d193u1935wyuwr ne      0    0eng d</controlfield><datafield ind1=" " ind2=" " tag="010"><subfield code="a">sn 92067120 </subfield></datafield><datafield ind1=" " ind2=" " tag="040"><subfield code="a">NVO</subfield><subfield code="b">eng</subfield><subfield code="c">NVO</subfield><subfield code="d">OCLCQ</subfield></datafield><datafield ind1=" " ind2=" " tag="042"><subfield code="a">msc</subfield></datafield><datafield ind1="0" ind2=" " tag="130"><subfield code="a">Independent, Fremont County (Shoshoni, Wyo.)</subfield></datafield><datafield ind1="1" ind2="4" tag="245"><subfield code="a">The Independent, Fremont County.</subfield></datafield><datafield ind1="1" ind2="3" tag="246"><subfield code="a">Fremont County independent</subfield><subfield code="f">&lt;Aug. 27, 1933&gt;</subfield></datafield><datafield ind1="1" ind2="3" tag="246"><subfield code="a">Fremont County independent and Dubois guide</subfield><subfield code="f">&lt;Aug. 27&gt;-Sept. 14, 1933</subfield></datafield><datafield ind1=" " ind2=" " tag="260"><subfield code="a">Shoshoni, Fremont County, Wyo. :</subfield><subfield code="b">J. Long</subfield></datafield><datafield ind1=" " ind2=" " tag="300"><subfield code="a">v.</subfield></datafield><datafield ind1=" " ind2=" " tag="310"><subfield code="a">Weekly</subfield></datafield><datafield ind1="0" ind2=" " tag="362"><subfield code="a">-v. 9, no. 31 (Apr. 4, 1935).</subfield></datafield><datafield ind1=" " ind2=" " tag="588"><subfield code="a">Description based on: Vol. 7, no. 49 (Aug. 27 [i.e. 3], 1933).</subfield></datafield><datafield ind1=" " ind2="4" tag="651"><subfield code="a">Shoshoni (Wyo.)</subfield><subfield code="v">Newspapers.</subfield></datafield><datafield ind1=" " ind2="4" tag="651"><subfield code="a">Fremont County (Wyo.)</subfield><subfield code="v">Newspapers.</subfield></datafield><datafield ind1=" " ind2=" " tag="752"><subfield code="a">United States</subfield><subfield code="b">Wyoming</subfield><subfield code="c">Fremont</subfield><subfield code="d">Shoshoni.</subfield></datafield><datafield ind1="0" ind2="0" tag="780"><subfield code="t">Fremont County independent (Pavillion, Wyo.)</subfield><subfield code="w">(DLC)sn 92067079</subfield></datafield><datafield ind1="0" ind2="0" tag="785"><subfield code="t">Fremont County independent (Shoshoni, Wyo.)</subfield><subfield code="w">(DLC)sn 92067119</subfield></datafield></record>